<record><leader>00000cas a2200000 a 4500</leader><controlfield tag="001">9709564</controlfield><controlfield tag="008">830716d18471851ohuwr ne      0    0eng c</controlfield><datafield ind1=" " ind2=" " tag="010"><subfield code="a">sn 83035346 </subfield></datafield><datafield ind1=" " ind2=" " tag="040"><subfield code="a">NPY</subfield><subfield code="b">eng</subfield><subfield code="c">NPY</subfield><subfield code="d">ONP</subfield><subfield code="d">NVF</subfield><subfield code="d">OCLCQ</subfield><subfield code="d">OCLCF</subfield><subfield code="d">OCLCO</subfield></datafield><datafield ind1=" " ind2=" " tag="042"><subfield code="a">pcc</subfield></datafield><datafield ind1=" " ind2=" " tag="043"><subfield code="a">n-us-oh</subfield></datafield><datafield ind1="0" ind2=" " tag="130"><subfield code="a">Hamilton telegraph (Hamilton, Ohio : 1847)</subfield></datafield><datafield ind1="1" ind2="0" tag="245"><subfield code="a">Hamilton telegraph.</subfield></datafield><datafield ind1=" " ind2=" " tag="260"><subfield code="a">Hamilton, Ohio :</subfield><subfield code="b">Ryan &amp; Witherby,</subfield><subfield code="c">1847-1851.</subfield></datafield><datafield ind1=" " ind2=" " tag="300"><subfield code="a">v.</subfield></datafield><datafield ind1=" " ind2=" " tag="310"><subfield code="a">Weekly</subfield></datafield><datafield ind1="0" ind2=" " tag="362"><subfield code="a">Vol. 21, no. 1 (Nov. 18, 1847)-v. 24, no. 45 (Sept. 18, 1851).</subfield></datafield><datafield ind1=" " ind2=" " tag="500"><subfield code="a">"A political paper ... the organ of the Democratic party."</subfield></datafield><datafield ind1=" " ind2=" " tag="500"><subfield code="a">Publishers: Witherby &amp; Ryan, Nov. 18, 1847-Nov. 8, 1849; Witherby &amp; Van Derveer, Nov. 15, 1849-Oct. 10, 1850; C.L. Weller &amp; Wm. R. Kinder, Oct. 17, 1850.</subfield></datafield><datafield ind1=" " ind2=" " tag="500"><subfield code="a">Continues the numbering of: Western telegraph.</subfield></datafield><datafield ind1=" " ind2="0" tag="651"><subfield code="a">Hamilton (Ohio)</subfield><subfield code="v">Newspapers.</subfield></datafield><datafield ind1=" " ind2="0" tag="651"><subfield code="a">Butler County (Ohio)</subfield><subfield code="v">Newspapers.</subfield></datafield><datafield ind1=" " ind2="7" tag="655"><subfield code="a">Newspapers.</subfield><subfield code="2">fast</subfield><subfield code="0">(OCoLC)fst01423814</subfield></datafield><datafield ind1=" " ind2="7" tag="651"><subfield code="a">Ohio</subfield><subfield code="z">Butler County.</subfield><subfield code="2">fast</subfield><subfield code="0">(OCoLC)fst01207486</subfield></datafield><datafield ind1=" " ind2="7" tag="651"><subfield code="a">Ohio</subfield><subfield code="z">Hamilton.</subfield><subfield code="2">fast</subfield><subfield code="0">(OCoLC)fst01202779</subfield></datafield><datafield ind1=" " ind2=" " tag="752"><subfield code="a">United States</subfield><subfield code="b">Ohio</subfield><subfield code="c">Butler</subfield><subfield code="d">Hamilton.</subfield></datafield><datafield ind1="0" ind2="0" tag="780"><subfield code="t">Western telegraph (Rossville, Ohio : 1836)</subfield><subfield code="w">(DLC)sn 83035345</subfield></datafield><datafield ind1="0" ind2="0" tag="785"><subfield code="t">Hamilton weekly telegraph</subfield><subfield code="w">(DLC)sn 83035347</subfield></datafield></record>